@article{o2017concise,
  title={Concise planning and filtering: hardness and algorithms},
  author={O'Kane, Jason M and Shell, Dylan A},
  journal={IEEE Transactions on Automation Science and Engineering},
  volume={14},
  number={4},
  pages={1666--1681},
  year={2017},
  publisher={IEEE}
}

@article{OkaLav07b,
  author={J. M. O'Kane and S. M. LaValle},
  title={On Comparing the Power of Robots},
  journal = {International Journal of Robotics Research},
  volume = {27}, 
  number = {1},
  pages = {5-23},
  year = {2008}
}

@inproceedings{erickson2013toward,
  title={Toward the design and analysis of blind, bouncing robots},
  author={Erickson, Lawrence H and LaValle, Steven M},
  booktitle={Robotics and Automation (ICRA), 2013 IEEE International Conference on},
  pages={3233--3238},
  year={2013},
  organization={IEEE}
}

@inproceedings{blum1978power,
  title={On the power of the compass (or, why mazes are easier to search than
graphs)},
  author={Blum, Manuel and Kozen, Dexter},
  booktitle={Proc. Annual Symposium on Foundations of Computer Science},
  year={1978},
}

@article{donald1995information,
  title={On information invariants in robotics},
  author={Donald, Bruce Randall},
  journal={Artificial Intelligence},
  volume={72},
  number={1-2},
  pages={217--304},
  year={1995},
  publisher={Elsevier}
}

@article{lewis2013planning,
  title={Planning for provably reliable navigation using an unreliable, nearly sensorless robot},
  author={Lewis, Jeremy S and Oâ€™Kane, Jason M},
  journal={The International Journal of Robotics Research},
  volume={32},
  number={11},
  pages={1342--1357},
  year={2013},
  publisher={SAGE Publications Sage UK: London, England}
}
@article{rourke_viz,
Author = {O'Rourke, J. and Streinu, I.},
ISSN = {09257721},
Journal = {Computational Geometry: Theory and Applications},
Keywords = {Visibility complex, Visibility graphs},
Number = {2},
Pages = {105-120},
Title = {The vertex-edge visibility graph of a polygon.},
Volume = {10},
URL = {http://www.library.illinois.edu/proxy/go.php?url=http://search.ebscohost.com/login.aspx?direct=true&db=edselc&AN=edselc.2-52.0-0040531874&site=eds-live&scope=site},
Year = {1998},
}
@article{tan_sweep,
Author = {Tan, X.},
ISSN = {00200190},
Journal = {Information Processing Letters},
Keywords = {Analysis of algorithms, Computational geometry, Link diagrams, Sweeping polygons with chain guards},
Number = {2-3},
Pages = {66-71},
Title = {Sweeping simple polygons with the minimum number of chain guards.},
Volume = {102},
URL = {http://www.library.illinois.edu/proxy/go.php?url=http://search.ebscohost.com/login.aspx?direct=true&db=edselc&AN=edselc.2-52.0-33847294668&site=eds-live&scope=site},
Year = {2007},
}
@book{geometry_billards,
Author = {Tabachnikov, S.},
ISBN = {978-0-8218-3919-5},
Title = {Geometry And Billards},
Year = {2005},
publisher = {Providence, R.I. : American Mathematical Society}
}

@inproceedings{nilles2017periodic,
  title={Periodic trajectories of mobile robots},
  author={Nilles, Alexandra Q and Becerra, Israel and LaValle, Steven M},
  booktitle={Intelligent Robots and Systems (IROS), 2017 IEEE/RSJ International Conference on},
  pages={3020--3026},
  year={2017},
  organization={IEEE}
}

@article{microorg,
Author = {Spagnolie, S.E. and Wahl, C. and Lukasik, J. and Thiffeault, J.-L.},
ISSN = {01672789},
Journal = {Physica D: Nonlinear Phenomena},
Keywords = {Billiards, Microorganism locomotion, Non-specular reflections, Sorting},
Pages = {33-44},
Title = {Microorganism billiards.},
Volume = {341},
Year = {2017},
}

@article{alam2018space,
  title={Space-efficient filters for mobile robot localization from discrete limit cycles},
  author={Alam, Tauhidul and Bobadilla, Leonardo and Shell, Dylan A},
  journal={IEEE Robotics and Automation Letters},
  volume={3},
  number={1},
  pages={257--264},
  year={2018},
  publisher={IEEE}
}

@inproceedings{alam2017minimalist,
  title={Minimalist robot navigation and coverage using a dynamical system approach},
  author={Alam, Tauhidul and Bobadilla, Leonardo and Shell, Dylan A},
  booktitle={Robotic Computing (IRC), IEEE International Conference on},
  pages={249--256},
  year={2017},
  organization={IEEE}
}

@inproceedings{tovar2005information,
  title={Information spaces for mobile robots},
  author={Tovar, Benjam{\'\i}n and Yershova, Anna and O'Kane, Jason M and LaValle, Steven M},
  booktitle={Robot Motion and Control, 2005. RoMoCo'05. Proceedings of the Fifth International Workshop on},
  pages={11--20},
  year={2005},
  organization={IEEE}
}

@article{o2007localization,
  title={Localization with limited sensing},
  author={O'Kane, Jason M and LaValle, Steven M},
  journal={IEEE Transactions on Robotics},
  volume={23},
  number={4},
  pages={704--716},
  year={2007},
  publisher={IEEE}
}

@inproceedings{czyzowicz1991aquarium,
  title={The aquarium keeper's problem},
  author={Czyzowicz, Jurek and Egyed, Peter and Everett, Hazel and Rappaport, David and Shermer, Thomas and Souvaine, Diane and Toussaint, Godfried and Urrutia, Jorge},
  booktitle={Proceedings of the second annual ACM-SIAM symposium on Discrete algorithms},
  pages={459--464},
  year={1991},
  organization={Society for Industrial and Applied Mathematics}
}

